001  0000015
005  20180822175308.905
008  170211s||||     bl|||||||||||||||||por|u
020    $a9788569277064
040    $aPorto Alegre$bpor
080    $2869.0(81)-1$a1997
090    $a869.0(81)-1$bO148x
100 1  $aOliveira, Dú
245 10 $aXirê$ba brincadeira lírica (um livro de mito poema)$cDú Oliveira
260    $aSalvador$bOgum's Toques Negros$c2016
300    $a116 p.
650    $aPoesia
650    $aLiteratura Brasileira
650    $aPeoma
650    $aLiteratura Negra
